2824 4723
836 308 1047 425 Jo·
1101 309 1591 397 Gtoaci
1638 343 1670 396 1
1748 314 2207 408 GRAEvi
2256 346 2289 402 1

602 418 780 493 viter
811 469 834 503 ‚
884 441 961 495 ut
1009 443 1172 493 cum
1217 423 1540 522 Capuam
1582 444 1991 497 annumerat
2027 423 2306 501 urbibus
2344 417 2557 504 Italia}

599 521 990 600 maritimis,
1002 542 1162 593 cum
1190 519 1552 595 Falernum
1582 528 1650 593 δε
1682 519 2052 596 Mafficum
2081 543 2385 598 montem
2400 545 2560 599 tan-2·

600 639 807 712 quam
839 617 1015 690 duos
1044 618 1349 698 diversos
1377 635 1651 691 montes
1680 639 2181 694 commemorat
2208 666 2231 703 ‚
2285 647 2443 696 cum
2475 649 2552 697 u-

599 738 730 789 nus
755 716 1077 812 idemque
1104 717 1236 797 lits
1301 726 1370 789 &
1397 739 1539 789 non
1582 737 1800 815 pauca
1830 715 2026 810 hujus
2067 714 2331 794 farinae
2373 723 2554 802 alia,

654 835 779 887 uae
807 816 896 886 ab
934 814 1019 885 iis
1048 851 1074 892 ς
1133 816 1254 911 qui
1300 814 1480 888 hunc
1527 811 1929 910 scriptorem
1972 816 2549 911 interpretantur,

628 929 751 983 unt
779 908 1138 1009 tyronibus
1167 911 1539 986 indicanda
1571 957 1594 991 ‚
1652 928 1738 983 ne
1769 909 1934 984 falsa
1962 936 2094 1008 pro
2141 916 2318 987 veris
2347 918 2549 990 imbi-

597 1009 782 1083 bant.
834 1009 1172 1104 Alioquin
1205 1013 1438 1083 animo·
1464 1020 1607 1082 non
1625 1006 1784 1081 satis
1814 1032 2042 1105 aequo
2073 1008 2225 1084 fero
2249 1012 2547 1110 superci-

595 1109 765 1182 lium
794 1131 936 1181 non
964 1111 1310 1181 nullorum
1325 1108 1710 1187 hominum,
1728 1108 1949 1202 quiin
1981 1110 2319 1182 veteribus
2335 1113 2546 1207 scrip·

594 1202 897 1289 toribus,
943 1202 1161 1302 iisque
1187 1204 1793 1301 praestantissimis,
1824 1212 1894 1277 &
1920 1202 2118 1302 supra
2146 1208 2550 1281 omnemin-ss·

592 1307 783 1402 genii
808 1310 1025 1378 aleam
1042 1347 1065 1383 ‚
1115 1320 1193 1374 ut
1221 1304 1308 1376 fic
1337 1303 1609 1383 dicam,
1658 1304 1942 1398 eveffls,
1992 1302 2317 1378 notandis
2344 1313 2414 1377 δε
2441 1306 2545 1378 vi-.-

590 1403 994 1499 tuperandis
1018 1417 1165 1473 tam
1190 1398 1399 1476 severi
1432 1409 1502 1474 δε
1530 1400 1863 1500 ingeniosi
1891 1404 2134 1474 volunt
2159 1402 2417 1484 videri,
2466 1422 2548 1477 ut
2618 1480 2625 1488 ,

645 1499 932 1598 uicquid
974 1500 1249 1571 illorum
1303 1498 1594 1598 superbo
1636 1503 1874 1611 palato
1933 1521 2076 1572 non
2132 1498 2542 1598 respondet,

585 1524 915 1673 damnent
942 1606 1010 1669 &
1034 1596 1361 1692 jugulent.
1458 1598 1813 1670 Nimirum
1844 1618 1916 1669 ut
1958 1597 2303 1670 videantur
2305 1596 2541 1694 sapere
2609 1685 2616 1690 ,

580 1696 812 1768 coelum
836 1703 1224 1789 vituperant.
1307 1696 1416 1766 At
1444 1719 1605 1766 cum
1633 1693 1771 1766 fine
1798 1694 2038 1791 populi
2069 1692 2392 1794 suffragio
2419 1721 2541 1793 ge·-

583 1810 741 1867 rant
769 1790 1222 1869 aedilitatem,
1268 1797 1338 1862 &
1367 1790 1571 1862 nimis
1595 1789 2051 1886 intelligendo
2083 1793 2256 1864 nihil
2288 1795 2541 1866 intelli-

584 1908 791 1988 gant,
839 1911 1017 1964 vana
1045 1894 1114 1959 δε
1142 1885 1489 1961 fastidiosa
1518 1888 1656 1960 haec
1687 1886 1911 1961 edicta
1940 1887 2013 1960 in
2046 1889 2395 1986 republica
2419 1892 2534 1962 lit-

583 1989 836 2062 teraria
863 2011 1006 2061 non
1035 1985 1249 2081 pluris
1275 1981 1451 2058 fiunt
1480 2032 1503 2066 ,
1573 2006 1785 2081 quam
1810 1982 2263 2082 praeficarum
2289 1989 2530 2081 neniae

583 2085 658 2159 in
687 2084 928 2161 funere
959 2079 1292 2159 censorio.
1388 2082 1605 2157 Hunc
1649 2098 1975 2180 praeterea
2012 2082 2332 2159 stultitiae
2355 2082 2530 2160 ‘suae

584 2180 879 2258 frustum
911 2181 1175 2263 ferunt,
1218 2200 1296 2255 ut
1323 2182 1514 2277 quafi
1542 2183 1615 2255 in
1642 2182 1913 2255 aerarios
1940 2178 2322 2256 referantur
2352 2203 2396 2255 a
2422 2202 2542 2258 ve-·=

583 2282 678 2355 ris
703 2281 1094 2355 censoribus
1121 2326 1144 2363 ,
1205 2287 1275 2351 δι
1304 2280 1735 2351 eruditorum
1778 2280 2053 2351 circulis
2084 2279 2317 2354 suaves
2362 2280 2535 2354 dent

580 2378 941 2454 sermones.
990 2378 1263 2449 Heroe‘s
1289 2376 1446 2447 illos
1471 2378 1610 2467 jam
1623 2374 1891 2446 dudum
1918 2376 2345 2451 consecravit
2358 2401 2533 2453 cona

579 2477 874 2552 sentiens
898 2473 1211 2546 omnium
1244 2468 1623 2544 seculorum
1650 2469 2062 2552 admiratio,
2080 2482 2145 2543 δε
2177 2475 2265 2546 ab
2281 2475 2538 2552 horum·

579 2573 1002 2673 procacitate
1028 2574 1098 2640 &
1114 2568 1489 2664 petulantia
1512 2566 1891 2642 vindicavit
1916 2590 2038 2641 eos
2063 2569 2368 2661 majestas
2400 2597 2532 2645 no-

581 2670 788 2745 minis
814 2717 838 2751 ,
902 2664 1403 2742 immortalibus
1461 2681 1664 2763 parta
1709 2663 1969 2739 meritis
2005 2674 2074 2739 &
2111 2666 2475 2740 virtutibus
2502 2709 2527 2749 ,

582 2791 756 2865 quas
799 2766 958 2846 isti,
1011 2765 1157 2860 quae
1194 2760 1289 2837 est
1329 2762 1607 2838 illorum
1646 2762 1989 2860 imperitia
2014 2812 2035 2845 ,
2085 2772 2156 2837 &
2186 2765 2533 2839 bonarum·

578 2868 828 2940 artium
857 2864 1194 2959 jejunitas,
1222 2883 1310 2934 ne
1336 2861 1623 2959 quidem
1649 2857 1917 2959 possunt
1938 2861 2331 2963 intelligere.
2382 2862 2528 2936 Sed·

452 2997 457 3006 ’
578 2965 653 3041 in
680 2965 763 3039 iis
787 2959 1227 3063 scriptoribus
1256 3006 1280 3040 ,
1344 2960 1469 3057 qui
1498 2982 1541 3033 a
1569 2953 1859 3055 simplici
1889 2963 2214 3059 rectoque
2243 2959 2527 3037 dicendi

629 3086 828 3137 enere
856 3059 1285 3135 deflexerunt
1312 3104 1337 3138 ,
1387 3066 1458 3131 &
1486 3075 1605 3131 aut
1631 3055 1870 3139 seculi,
1913 3076 2036 3131 aut
2061 3058 2323 3156 ingenii
2351 3058 2526 3132 vitio

578 3088 654 3237 {e
695 3160 818 3257 ipfi
859 3158 1313 3254 depravarunt
1340 3200 1364 3238 ,
1409 3157 1773 3227 meliorum
1809 3173 2039 3228 tamen
2085 3155 2352 3229 defe&u
2382 3203 2407 3237 ,
2456 3164 2526 3228 &

584 3276 868 3356 propter
895 3256 1060 3327 alias
1087 3252 1286 3325 dotes
1309 3250 1382 3322 in
1409 3250 1662 3325 scholis
1687 3251 2096 3334 retinentur,
2148 3276 2526 3352 coarguen-

590 3354 688 3430 da
713 3353 864 3426 sunt
896 3373 938 3424 a
965 3347 1363 3423 doetoribus
1401 3366 1733 3444 corrupta
1762 3396 1784 3428 ,
1853 3369 1940 3417 ne
1989 3349 2298 3424 dulcibus
2337 3353 2525 3426 vitiis

591 3448 1055 3528 adolescentes
1084 3446 1396 3542 decepti,
1426 3445 1722 3518 {ninutas
1750 3451 1818 3515 δε
1847 3443 2136 3537 p‘ueriles
2162 3450 2527 3523 sententias

588 3574 724 3650 pro
766 3545 1134 3621 concinnis
1158 3551 1225 3613 &
1255 3542 1562 3638 argutis;
1621 3540 1971 3636 improbas
2016 3554 2085 3618 &
2124 3547 2525 3621 inverecun-

523 3697 529 3706 .
590 3649 720 3722 das
745 3695 768 3728 ,
816 3666 946 3742 pro
992 3638 1365 3741 grandibus
1408 3647 1476 3711 δι
1518 3635 1951 3736 magnificis3
2000 3651 2070 3716 δε
2115 3642 2400 3743 frigidas
2439 3656 2527 3716 ac

585 3744 818 3818 aridas
846 3790 870 3826 ,
915 3764 1048 3838 pro
1078 3736 1434 3811 subtilibus
1460 3746 1529 3810 &
1557 3734 1816 3810 Atticis
1842 3760 2188 3840 appetant.
2255 3740 2394 3812 Sed
2420 3741 2530 3813 ni·-

584 3843 720 3921 mis
748 3838 870 3916 diu
898 3857 981 3946 te
992 3837 1116 3944 liic
1144 3835 1449 3944 detiuep,
1469 3831 1764 3943 benigne
1795 3836 2020 3944 lector.
2069 3837 2316 3917 Paucis
2343 3859 2538 3947 nune·
2591 3928 2597 3935 Ι

609 3947 616 3956 ’
666 3977 674 3986 ·
772 3950 781 3956 ’
2258 3956 2533 4036 3⁶0¹P02.
