2824 4723
567 321 602 377 1
627 316 690 375 N
757 293 1179 372 'FLonM
1243 284 1871 377 PRAuAmo.

249 400 382 483 sed-
401 399 545 478 hoc
573 419 890 496 tempore
915 404 1123 496 longe
1200 399 1503 472 lurimos.
1598 400 1819 500 Saepe
1847 400 2213 500 stupiditas

114 536 119 541 ·
249 522 398 580 tem
424 499 642 576 nostri
665 496 865 571 seculi
898 498 1046 571 sum
1165 497 1484 579 miratus,
1534 520 1695 573 cum
1731 499 1964 575 audivi
1989 524 2032 574 a
2057 506 2212 600 plu..

255 603 453 678 rimis
479 648 503 681 ‚
548 606 620 670 &
648 597 772 694 qui
798 594 922 671 fibi
950 594 1363 673 videbantur
1388 596 1590 671 valde
1618 596 1849 696 sapere
1874 647 1900 682 ‚
1949 598 2214 698 Caspa⁴

258 702 362 779 ris
389 695 652 771 Barlaei
681 693 989 769 carmina
1012 693 1191 766 tanti
1215 691 1367 768 fieti
1391 740 1420 776 ‚
1478 714 1558 769 ut
1588 720 1747 770 cum
1786 696 2073 795 optimis
2098 722 2215 773 ve..

261 795 523 877 teribus
545 794 772 892 poe'tis
800 809 1322 890 compararetur
1347 840 1373 875 ‚
1436 793 1527 868 ab
1561 797 1715 869 aliis
1744 792 2214 873 anteferretun

274 894 560 995 Ingenio
590 891 747 964 sane
786 894 999 964 valuit
1024 889 1347 964 Barlaeus
1375 938 1398 973 ,
1461 899 1533 963 ἃ
1562 896 1750 968 nullo
1797 892 2071 968 suorum
2098 916 2216 968 ae-

269 994 568 1094 qualium
597 988 731 1062 fuit
761 987 1066 1062 inferior.
1129 989 1271 1062 Sed
1297 989 1582 1087 ingenio
1606 991 1896 1066 nimium
1919 991 2213 1067 indulfit.

268 1095 590 1194 Quantus
617 1088 804 1162 enim
832 1087 905 1159 in
933 1087 1055 1161 illo
1079 1103 1315 1160 tumor
1326 1114 1349 1170 3
1369 1105 1667 1182 quantus
1690 1089 1955 1187 optime
1968 1086 2216 1164 sonan-

259 1192 433 1265 tium
447 1187 817 1263 verborum
845 1183 1097 1280 ubique
1113 1184 1336 1258 inanis
1360 1181 1712 1282 strepitus!
1743 1185 1982 1260 Aufim
1997 1184 2215 1263 sacra·

259 1306 502 1364 mento
531 1283 958 1359 contendere
971 1283 1090 1356 vix
1121 1278 1253 1355 effe
1280 1282 1642 1378 paginam,
1669 1283 1744 1357 in
1775 1284 1993 1381 epicis
2015 1308 2217 1382 prae..

254 1385 488 1462 sertim
516 1432 539 1465 ‚
562 1410 567 1416 ·
588 1382 665 1456 in
692 1403 834 1479 qua
860 1405 1009 1455 non
1037 1381 1309 1477 aliquot
1333 1376 1561 1452 versus
1588 1381 2011 1479 reperiantur
2036 1428 2060 1465 ‚
2108 1381 2220 1456 so·-

255 1484 415 1560 nori
446 1480 735 1580 quidem
748 1527 772 1561 ‚
795 1487 867 1551 &
896 1496 1090 1556 aures
1117 1479 1519 1575 implentes,
1548 1475 1665 1551 sed
1699 1501 1843 1552 non
1872 1481 2218 1562 animum,

255 1582 308 1656 fi
338 1584 535 1656 illum
563 1576 902 1651 attendas·
960 1577 1183 1651 Nulla
1211 1575 1397 1649 enim
1423 1572 1639 1649 subest
1667 1574 2015 1652 sententia„
2061 1577 2220 1679 Qi

255 1677 404 1755 istis
432 1673 706 1775 possunt
737 1675 935 1770 capi,
985 1697 1129 1747 non
1155 1671 1432 1773 poffunt
1476 1671 1785 1774 Virgilio
1811 1722 1837 1758 ‚
1886 1675 2171 1750 Catullo
2186 1724 2216 1760 ‚

255 1772 573 1850 Horatio
599 1770 956 1853 deleflari‚
1005 1789 1127 1845 aut
1153 1775 1439 1847 virtutes
1463 1795 1705 1848 eorum
1780 1769 2216 1849 raestantiam-

259 1896 400 1971 que
426 1872 845 1970 intelligere,
873 1891 998 1943 nec
1026 1867 1412 1964 dijudicare
1443 1871 1617 1967 quid
1643 1870 1717 1945 d·
1778 1890 1898 1949 ent
1924 1894 2082 1947 aera
2110 1875 2216 1946 lu·-

317 1970 469 2042 inis.
555 1967 629 2042 Si
656 1969 844 2042 enim
870 1963 1136 2040 nossent
1161 1988 1376 2065 quam
1394 1970 1605 2063 longe
1628 1985 1862 2042 tumor
1890 1967 2142 2043 abeffet
2168 1992 2216 2047 a

259 1993 673 2139 iixblimitate
686 2111 709 2144 ‚
757 2082 1112 2156 nunquam
1139 2063 1320 2135 hanc
1351 2061 1444 2134 de
1470 2062 1760 2136 Barlaeo
1787 2063 2045 2138 ferrent
2070 2064 2219 2138 sen-

264 2161 595 2238 tentiam,
639 2157 771 2254 ·qui
798 2157 1056 2228 fatetur
1082 2156 1222 2252 ipse
1249 2155 1315 2228 se
1338 2179 1486 2228 non
1511 2160 2094 2233 excellentiffimos
2123 2161 2217 2235 ad

129 2282 135 2287 ·
265 2253 680 2330 imitandum
706 2261 950 2352 po'e‘tas
976 2251 1099 2325 fibi
1121 2249 1569 2351 proposuiffe‚
1583 2253 1700 2329 sed
1731 2255 2218 2341 Claudianum,

261 2351 366 2429 sui
396 2351 681 2451 quidem
722 2351 1059 2448 temporis
1093 2358 1375 2449 poe'tam
1415 2353 1732 2430 omnium
1773 2352 2220 2452 praestantiffi-

258 2475 455 2527 mum
482 2499 505 2532 ‚
553 2449 670 2525 sed
699 2450 797 2524 sui
830 2451 1164 2548 temporis
1187 2498 1213 2533 ,
1315 2449 1460 2522 uod
1489 2452 1578 2528 ab
1607 2474 1809 2525 aurea
1840 2454 2214 2550 plurimum

259 2549 719 2648 degenerarat
745 2548 1175 2644 antiquitate.
1354 2571 1546 2623 erum
1574 2549 1664 2624 de
1693 2550 1800 2621 his
1824 2551 2077 2649 agendi
2108 2554 2215 2625 lo-

252 2669 387 2724 cus
429 2647 559 2720 erit
596 2644 976 2744 aliquando
1018 2646 1477 2721 commodior·
1564 2647 1951 2723 'Muniendi
1977 2666 2214 2726 autem

257 2743 417 2822 fiant
443 2763 691 2819 contra
727 2741 1034 2817 blandos·
1049 2743 1214 2818 istos
1256 2766 1523 2820 errores
1562 2744 2026 2821 adolescentes
2051 2794 2077 2829 ‚
2135 2749 2214 2822 in

222 2860 229 2866 ·
261 2863 563 2941 quorum
589 2841 899 2916 manibus
925 2842 1230 2915 versatur
1260 2840 1508 2916 Florus
1537 2888 1562 2922 2
1611 2851 1680 2916 δε
1707 2844 1995 2925 merito,
2097 2846 2214 2922 uia

122 2963 127 2970 ·
263 2941 623 3015 meliorem
666 2962 812 3013 non
852 2937 1109 3011 habent
1147 2937 1463 3012 nondum
1505 2938 1751 3013 imbuti
1780 2965 2008 3015 rerum
2132 2966 2215 3016 o·-

266 3059 627 3111 manarum
653 3036 1055 3134 cognitione
1084 3083 1108 3117 ‚
1155 3036 1278 3132 qui
1307 3035 1497 3109 brevi
1543 3038 1963 3135 compendio
1989 3085 2012 3120 ,
2057 3057 2217 3111 tan-

267 3158 476 3231 quam
503 3135 576 3207 in
605 3134 855 3208 tabella
871 3131 1188 3230 quadam
1227 3149 1461 3207 ortum
1490 3139 1559 3206 δι
1579 3135 1920 3231 processus
1945 3135 2217 3211 Roma-

271 3252 396 3307 nae
423 3232 840 3329 reipublicae
882 3231 981 3304 eis
1021 3229 1339 3304 ostendat
1366 3278 1391 3311 ‚
1505 3229 1818 3323 raesertim
1858 3258 2017 3308 cum
2045 3234 2214 3309 vitia

270 3345 414 3402 non
446 3352 582 3404 una
608 3328 841 3425 penset
860 3330 1138 3402 virtute.
1209 3328 1419 3402 Provi
1474 3328 1727 3403 endum
1755 3331 1969 3429 igitur
1992 3350 2079 3405 ne·
2106 3354 2218 3405 ar-

268 3427 525 3524 ripiant
566 3443 890 3522 corrupta
916 3475 939 3507 ‚
989 3434 1056 3499 &
1086 3427 1196 3499 his
1237 3427 1550 3500 innutriti
1594 3450 1737 3501 non
1779 3428 1996 3501 modo
2041 3453 2220 3501 nun-

320 3547 479 3598 uam
509 3524 752 3620 poffinr
769 3523 1114 3597 secernere
1144 3546 1186 3598 a
1213 3525 1476 3598 vitiosis
1507 3521 1706 3606 sana,
1745 3524 1863 3599 sed
1893 3550 1978 3600 ne
2008 3527 2220 3601 vitio-

367 3622 552 3696 sanis
583 3617 988 3715 praeferant.
1059 3622 1145 3695 In
1173 3639 1567 3719 temporum
1603 3647 1886 3721 quoque
1914 3623 2224 3696 notatio-
2262 3691 2272 3701 .

266 3742 358 3793 ne
383 3767 408 3801 ,
448 3720 857 3791 &locorum
886 3716 1015 3787 fitu
1044 3761 1067 3794 ‚
1113 3724 1182 3789 &
1209 3741 1436 3794 terum
1466 3718 1804 3817 gestarum
1830 3721 2224 3793 narratione

264 3837 418 3917 non
450 3815 653 3895 semel
684 3814 976 3915 impegit
999 3809 1119 3888 iste
1141 3810 1456 3915 scriptor,
1485 3824 1556 3894 δι
1575 3814 1742 3896 satis
1767 3813 2053 3915 quidem
2061 3839 2228 3927 ‘gra-

362 3953 371 3968 ‘
2009 3931 2187 3989 mter
2194 3955 2224 3996 2
