2824 4723
640 311 716 396 'L
795 293 1090 415 Ἐς
1200 310 1278 396 T
1390 311 1474 394 O
1581 309 1654 398 R
1763 307 1806 400 1
2179 398 2184 404 .
2440 400 2448 408 .

204 479 340 630 ’Β
476 459 901 666 ΕΝ
1022 495 1140 625 Ε
1279 495 1407 626 v
1545 502 1677 630 o
1812 501 1925 633 L
2060 508 2206 636 o·
2349 546 2412 557 -·

371 763 547 902 Jo.
611 744 1288 863 Gnossems
1360 761 2011 862 GRAEvms.

102 986 143 1075 ἶ,
515 966 533 1044 2
584 985 826 1061 Annaei
870 986 929 1060 F
930 986 1061 1060 lori
1102 990 1457 1087 epitome,
1507 1013 1660 1086 quo.
1696 988 2056 1086 posteriori
2062 986 2199 1065 bus

525 1084 990 1182 temporibus,
1039 1111 1197 1162 cum
1224 1109 1358 1184 pro
1388 1087 1749 1160 hominum
1776 1087 2050 1160 illorum
2079 1087 2187 1159 so-

529 1183 777 1261 cordia
835 1183 1299 1279 praestantium
1362 1183 1777 1278 scriptorum
1837 1185 2185 1261 volumina

227 1279 610 1377 grandiora
647 1279 1005 1354 sorderent
1035 1328 1080 1362 ‚.
1105 1281 1406 1379 plurium
1450 1277 1955 1355 describebatur
1981 1289 2052 1352 &
2079 1299 2184 1354 te-

228 1376 505 1451 rebatur
532 1378 846 1451 manibus
873 1426 899 1460 ‚
946 1397 1146 1452 tanto
1195 1376 1596 1475 flagitiosius
1639 1376 1772 1449 fuit
1816 1395 2141 1474 corrupta
2154 1425 2179 1460 ,

225 1479 295 1544 &
324 1473 731 1550 foedioribus
760 1478 1121 1572 inquinata
1145 1475 1451 1550 maculis.
1513 1474 1599 1546 In
1628 1474 1762 1546 illis
1790 1497 2184 1571 expungen-

226 1572 338 1643 dis
366 1619 388 1653 ‚
443 1580 512 1644 δε
539 1572 822 1670 pristina
863 1572 1150 1648 sanitate
1194 1570 1733 1670 redintegranda
1761 1617 1782 1649 2
1834 1594 1993 1647 cum
2022 1571 2182 1667 post

218 1686 490 1748 tantam
521 1679 587 1741 δι
606 1688 761 1743 ‘tam
805 1673 1086 1768 longam
1117 1671 1389 1743 noctem
1483 1669 2041 1745 ulcherrimarum
2069 1692 2180 1743 ar-

219 1768 401 1838 tium
431 1770 544 1839 lux
585 1768 971 1841 exoriretur
999 1815 1021 1849 ‚
1044 1772 1361 1853 „multum
1464 1767 1608 1841 udii
1650 1790 2018 1863 operaeque
2044 1791 2177 1863 po-

216 1861 501 1937 suerunt
523 1911 548 1945 ‚
595 1865 720 1962 qui
769 1866 1051 1963 ingenio
1079 1872 1147 1937 &
1183 1865 1497 1938 doctrina
1585 1890 1670 1937 rae
1701 1865 1947 1938 ceteris
1974 1911 1999 1943 ‚
2051 1863 2176 1938 suo
2243 1936 2246 1939 .
2321 1952 2328 1956 .
2425 1927 2430 1931 .

277 1957 513 2053 uisque
541 1959 765 2034 seculo
795 2009 820 2043 ‚
869 1962 1284 2041 floruerunt,
1335 1962 1545 2050 Elias,
1619 1962 1853 2035 inetus
1881 2007 1902 2039 ,
1948 1955 2184 2054 Justus

294 2054 500 2148 ipfius
518 2070 551 2135 ‘‚
645 2079 906 2128 oannes
948 2057 1294 2127 Gruterus
1323 2101 1345 2134 ‚
1401 2055 1740 2129 Claudius
1766 2054 2124 2126 Salmafius
2149 2102 2186 2137 a

212 2149 524 2247 Joannes
612 2150 1061 2222 reinshemius
1086 2196 1108 2230 ‚
1159 2150 1473 2223 Adamus
1504 2151 1857 2245 Rupertus
1885 2194 1910 2228 ‚
1959 2156 2028 2220 &
2053 2173 2180 2222 nu-
2324 2230 2329 2235 ,

218 2246 458 2347 petius
484 2245 696 2318 Anna
723 2245 1111 2343 Tanaquilli
1126 2245 1335 2321 Fabri
1365 2243 1519 2320 filia.
1570 2247 1739 2321 Hoc
1765 2263 1997 2317 tamen
2028 2244 2181 2319 Au-

216 2342 352 2444 giae
379 2341 711 2418 stabulum
736 2368 882 2418 non
912 2345 1006 2418 fic
1085 2361 1410 2419 otuerunt-
1435 2367 1769 2443 purgare,
1801 2343 1971 2439 quin
2002 2346 2191 2420 muk
2277 2427 2284 2436 ,

217 2459 298 2514 ta
332 2444 878 2540 relinquerentur
903 2466 1002 2540 po
1062 2466 1334 2516 erorum
1360 2441 1703 2515 industriae
1743 2465 1825 2515 ac
1854 2440 2179 2518 sollertiae.

216 2539 384 2618 Nec
414 2540 586 2612 nihil
616 2539 709 2612 ad
754 2539 1209 2616 cumulandos
1237 2538 1369 2611 hos
1409 2564 1636 2614 naevos
1663 2539 1812 2637 ipsa
1838 2537 2181 2617 scribendi

215 2638 439 2718 ratio,
470 2660 680 2733 quam
709 2635 976 2713 secutus
1002 2636 1097 2709 est
1126 2637 1410 2719 Florus,
1439 2639 1745 2711 contulit.
1796 2638 1989 2711 Nam
2021 2662 2180 2716 cum

217 2735 485 2814 ablatus
515 2734 888 2832 depravata
914 2732 1462 2813 declamatorum
1489 2739 1705 2809 aetatis
1735 2733 1859 2808 suae
1887 2735 2178 2816 dicendi

218 2832 714 2911 consuetudine
738 2879 764 2913 ‚
828 2836 1118 2906 multum
1165 2830 1542 2905 desciviffet
1584 2856 1628 2906 a
1671 2835 1908 2906 nativa
1944 2833 2060 2908 illa
2104 2841 2177 2909 δε

217 2929 530 3009 infucata
570 2928 977 3004 castitate&
1006 2928 1312 3006 candore
1354 2930 1684 3003 sermonis
1710 2930 1946 3003 Latini
1976 2977 1998 3010 ‚
2049 2932 2175 3027 qui

220 3028 298 3101 in
342 3027 733 3099 Tulliani&
764 3025 1098 3123 Augustei
1140 3022 1342 3102 seculi
1369 3024 1813 3124 scriptoribus
1856 3025 2135 3124 effulget
2144 3067 2173 3109 2

222 3130 294 3195 δι
324 3124 652 3197 cincinnis
692 3119 773 3200 ac
819 3121 1213 3199 calamistris
1254 3122 1770 3199 declamatoriis
1794 3172 1820 3206 .
1885 3126 2175 3200 concilis

221 3226 294 3297 &
323 3220 620 3320 abruptis
645 3220 995 3300 sententiis
1016 3269 1041 3303 ,
1092 3245 1220 3302 nec
1247 3223 1643 3300 acuminum
1671 3223 1955 3321 argutiis
1982 3220 2172 3297 suam

219 3315 388 3414 saepe
417 3318 749 3398 coecass'et
779 3318 1169 3395 orationem
1195 3369 1216 3401 ,
1263 3315 1472 3391 rudes
1501 3318 1951 3392 barbarorum
1974 3317 2171 3394 secu*

216 3418 443 3489 lorum
472 3419 820 3500 homines,
869 3441 1018 3513 quae
1046 3442 1189 3490 non
1217 3416 1618 3514 capiebant,
1666 3418 2169 3513 interpolatum.-

220 3511 563 3594 crebrius‚
612 3522 687 3586 δι.
709 3511 1070 3595 audacius,
1102 3514 1299 3611 quod
1328 3523 1397 3595 &
1429 3512 1699 3586 Valerii
1729 3513 2031 3589 Maximi
2066 3512 2171 3587 fa-

217 3627 369 3682 tum
397 3607 737 3721 fuit‚'.qui
766 3608 1339 3707 laborat-quoque
1367 3618 1437 3682 δε
1463 3608 1561 3682 sui
1578 3658 1599 3690 ,
1648 3619 1717 3683 δε
1746 3611 2172 3706 sequentium

220 3704 598 3788 seculorum
626 3706 829 3780 vitiis.
879 3704 1190 3784 Diffiteri
1215 3731 1422 3779 nemo
1453 3707 1711 3801 potest,
1744 3710 1864 3804 qui
1885 3705 2172 3816 quidem
2310 3789 2316 3794 ,
2415 3752 2426 3766 --

219 3803 292 3882 in
317 3803 734 3889 idoneorum
775 3800 1041 3897 Latinae
1083 3802 1324 3942 lingauae
1369 3805 1964 3912 auotorum.,.qu1
1998 3827 2199 3969 gon-2,

1306 3921 1344 3990 3
2053 3923 2169 3972 um
