2824 4723
865 325 1042 442 JO‘.
1093 326 1668 410 Gronau
1719 325 2250 413 GRAssvu

592 446 806 518 traria
831 463 1032 512 unam
1058 435 1129 509 ob
1156 435 1432 530 cauffam
1457 435 1825 530 inseruntur
1849 436 2231 525 orationibus
2255 436 2280 519 ,
2328 436 2544 538 nempi·

592 537 670 611 ob
699 532 1007 615 novitatis
1028 540 1097 606 in
1125 533 1540 629 exprimendo
1543 533 1881 628 sententiis
1907 533 1993 615 (θ’
2014 536 2387 632 conceptibus
2394 538 2542 637 stu-

591 634 770 709 dium
792 682 817 715 ,
862 640 1030 704 circa
1056 632 1225 731 quod
1247 638 1526 703 maxime
1553 635 1660 704 hoc
1686 656 1817 702 aevo
1828 631 2168 728 scriptores
2192 634 2538 728 insaniunt.

591 729 831 805 Addit
853 729 1110 803 deinde
1139 752 1317 826 quae
1349 751 1456 803 res
1479 726 1823 803 bonorum
1836 729 2034 803 causa
2061 729 2164 810 fit,
2180 732 2270 803 ab
2294 731 2541 809 eadem

589 830 802 909 etiam
830 829 941 901 his
967 825 1250 902 adversa
1262 824 1619 925 proficisci.
1665 829 1860 902 Nam
1878 827 2335 925 cupiditatem
2361 853 2545 909 nova

591 927 877 1007 dicendi
935 925 1234 999 maxime
1289 924 1569 1024 ingenia
1611 926 1964 1023 praeclara
1992 925 2422 1001 inflammare
2450 928 2542 1004 ad

586 1025 919 1103 eximium
940 1023 1206 1120 aliquid
1234 1029 1303 1098 &
1331 1021 1531 1118 quod
1558 1019 1758 1121 supra
1783 1023 1970 1122 vulgi
1996 1041 2274 1122 captum
2303 1025 2406 1106 fit,
2434 1027 2541 1099 ni-

585 1124 825 1234 hilque
849 1121 1192 1220 plebeium
1216 1142 1363 1218 pra:⁴
1379 1118 1447 1194 se
1473 1120 1686 1203 ferat,
1738 1121 2196 1196 moliendum:
2243 1121 2381 1195 Sed
2410 1124 2535 1219 qui

584 1221 854 1324 judicio
881 1243 1026 1291 non
1051 1221 1355 1297 valeant,
1403 1241 1533 1292 nec
1561 1217 1628 1292 se
1658 1237 2084 1316 componant
2109 1221 2198 1293 ad
2231 1220 2538 1316 optimo-

585 1344 740 1397 rum
768 1317 1228 1399 imitationem
1253 1363 1276 1396 ,
1326 1312 1527 1392 facile
1550 1317 1624 1390 in
1651 1318 1823 1390 haec
1864 1317 2032 1391 vitia
2056 1316 2360 1395 incidere
2387 1365 2410 1397 ,
2460 1320 2536 1391 in

583 1416 836 1514 quibus
861 1415 984 1486 fibi
1015 1412 1296 1488 delicias
1324 1410 1583 1489 faciant
1614 1461 1635 1494 ,
1700 1439 1983 1512 quaeque
2011 1412 2234 1511 specie
2275 1414 2532 1512 ingenii

584 1521 657 1587 δι
681 1512 1012 1591 novitatis
1055 1509 1510 1587 blandiantur.
1583 1512 1764 1586 Ideo
1803 1540 1959 1591 ηοω
1968 1515 2179 1610 (natm
2209 1512 2535 1602 vitiorum

584 1614 899 1685 omnium
938 1610 1313 1684 maximum
1355 1609 1430 1680 in
1471 1628 1751 1684 oratore
1792 1607 1922 1682 effe
1966 1612 2144 1683 reae
2188 1610 2536 1707 praecipit

583 1708 887 1805 optimus
929 1704 1213 1779 dicendi
1258 1706 1579 1802 magister
1636 1707 2109 1807 Qintilianus
2154 1730 2236 1779 v1
2256 1730 2281 1777 1
2307 1733 2333 1779 1
2369 1755 2392 1788 ,
2452 1731 2484 1800 3
2509 1736 2532 1780 t

583 1803 921 1902 κακόζηλον
949 1822 1222 1875 vocatur
1248 1804 1554 1899 quicquid
1586 1804 1669 1897 est
1694 1805 1874 1874 ultra
1899 1812 2206 1880 virtutem
2227 1851 2250 1884 ,
2300 1814 2534 1902 quoties

583 1909 900 1997 ingenium
914 1900 1159 1996 judicio
1185 1920 1394 1979 caret,
1417 1900 1513 1989 (ς’
1560 1908 1731 1995 pecie
1757 1901 1900 1972 boni
1908 1898 2224 1992 fallitur.-
2255 1909 2527 1980 omnium

582 2006 654 2070 in
679 2000 1037 2097 eloquentia
1066 2003 1372 2070 vitiorum
1384 2014 1471 2093 pe
1514 2023 1725 2070 imum.
1805 1997 1998 2069 Nam
2021 2018 2222 2070 cetera
2254 2024 2395 2070 cum
2425 2005 2524 2077 vi-

583 2118 799 2179 tentur
811 2144 834 2177 ,
872 2102 979 2168 hoc
997 2102 1261 2190 petitur.
1833 2141 1840 2147 -

681 2192 882 2268 Viris
906 2192 1195 2291 quidem
1221 2191 1489 2291 magnis
1516 2189 1867 2267 interdum
1882 2192 2226 2291 quaedam
2254 2193 2532 2273 excides
2569 2256 2574 2267 .

582 2309 779 2374 runt,
810 2314 1022 2388 quae,
1054 2288 1105 2360 fi
1134 2289 1226 2363 ad
1257 2289 1557 2366 severam
1582 2295 1805 2402 legem
1834 2293 2218 2389 exigantur,
2254 2297 2531 2387 culpam

581 2397 652 2462 δι
680 2406 922 2462 notam
965 2385 1370 2460 lascivientis
1409 2388 1670 2481 ingenii
1715 2386 2012 2481 effugere
2053 2412 2196 2462 non
2291 2390 2529 2464 offunt.

580 2487 757 2561 Non
799 2486 1128 2582 ignorant
1182 2482 1531 2555 doffiores
1571 2481 1746 2577 quid
1789 2481 2170 2580 Dion'yfius
2288 2488 2533 2558 alicar-

578 2580 836 2658 naffeus
863 2582 937 2658 in
960 2578 1370 2678 Thucydide
1396 2628 1420 2660 ,
1484 2579 1556 2651 in
1588 2581 1875 2654 Platone
1903 2630 1926 2663 ,
1972 2583 2045 2654 in
2074 2580 2225 2677 ipso
2259 2582 2532 2656 Demo-

576 2679 845 2758 sthene,
893 2695 973 2750 ut
1000 2678 1173 2750 alios
1200 2694 1629 2776 praeteream
1654 2704 1675 2761 3
1726 2676 1900 2773 quid
1929 2677 2183 2754 Seneca
2212 2687 2281 2751 &
2307 2677 2421 2751 alii
2450 2698 2528 2749 a·-

576 2777 726 2875 pud
755 2776 1084 2852 Senecam
1110 2775 1183 2848 in
1214 2774 1494 2850 Ovidio
1525 2805 1543 2847 t
1592 2774 1763 2872 quid
1793 2775 2269 2875 Qintilianus
2299 2823 2322 2858 ,
2370 2777 2527 2871 plu-3

576 2873 817 2972 resque
843 2876 916 2948 in
958 2872 1189 2966 Tullio
1229 2874 1540 2949 notarint
1569 2882 1638 2946 &
1669 2873 2290 2946 animadverterint.
2385 2868 2526 2945 Sed

577 2972 750 3047 haec
779 2970 938 3070 ipfis
967 2969 1391 3048 exciderunt.
1439 2971 1783 3045 Homines
1812 2995 1967 3045 cum
1995 2968 2235 3053 essent,
2285 2971 2525 3046 huma—

575 3070 650 3142 ni
678 3094 823 3144 non
851 3090 1201 3167 nunquam
1227 3067 1492 3168 aliquid
1518 3071 1685 3167 paffi
1711 3068 1898 3151 sunt,
1928 3072 2242 3165 quamvis
2271 3068 2523 3142 divini-

576 3184 718 3240 tate
745 3168 1003 3265 ingenii
1033 3184 1300 3241 ceteros
1311 3191 1554 3242 omnes
1583 3170 2075 3240 antecellerent.
2123 3168 2362 3240 Nemo
2375 3185 2522 3242 tam

576 3266 881 3435 gepida
909 3265 1238 3337 Minerva
1267 3283 1467 3339 natus
1491 3264 1586 3336 est
1614 3313 1637 3345 ,
1688 3282 1764 3338 ut
1794 3286 2146 3359 nunquam
2174 3263 2522 3342 dormitet.

667 3362 717 3434 d
747 3363 1247 3435 declamatores
1278 3370 1346 3435 δε
1383 3361 1539 3441 κακέ
1578 3383 1712 3444 naon
1750 3360 1870 3433 fibi
1898 3364 1970 3433 in
2003 3361 2111 3433 his
2136 3364 2422 3460 argutiis
2450 3369 2522 3441 δε

579 3460 875 3533 ventofis
907 3458 1332 3534 acuminibus
1359 3461 1515 3532 miri
1560 3484 1644 3531 ce
1669 3462 1965 3556 placent,
1998 3459 2326 3533 &inillis
2356 3482 2521 3570 cap-

577 3556 811 3630 tandis
841 3559 978 3630 toti
1005 3554 1173 3628 sunt.
1266 3557 1443 3654 Qo
1482 3558 1806 3629 audacius
1837 3564 1906 3628 &
1935 3558 2232 3655 Ineptius
2259 3555 2522 3652 aliquid.

542 3707 549 3716 -
579 3653 729 3738 sunt
764 3653 1140 3730 commenti
1172 3702 1196 3736 ,
1241 3655 1462 3727 modo
1491 3678 1633 3728 non
1663 3653 1745 3725 fit
1771 3653 2027 3727 dictum
2060 3656 2520 3752 populariter,

576 3771 776 3827 tanto
803 3754 1027 3850 magis·
1048 3750 1167 3828 fibi
1194 3751 1548 3850 plaudunt.
1613 3753 1771 3826 Nec
1801 3753 2167 3826 immerito.
2240 3756 2522 3847 Semper·

580 3852 764 3936 enim
793 3854 1197 3934 invenerunt
1222 3848 1502 3934 suorum
1524 3851 2007 3959 portentorum
2032 3850 2521 4020 admirator-ies&

708 3997 715 4004 .
2429 3969 2466 4017 e
